@article{1,
  title={Bayesian-based iterative method of image restoration},
  author={Richardson, William Hadley},
  journal={JoSA},
  volume={62},
  number={1},
  pages={55--59},
  year={1972},
  publisher={Optical Society of America}
}
@book{2,
  title={Extrapolation, interpolation, and smoothing of stationary time series: with engineering applications},
  author={Wiener, Norbert and Wiener, Norbert and Mathematician, Cyberneticist and Wiener, Norbert and Wiener, Norbert and Math{\'e}maticien, Cybern{\'e}ticien},
  volume={113},
  number={21},
  year={1949},
  publisher={MIT press Cambridge, MA}
}
@article{3,
  title={Massively parallel spatially variant maximum-likelihood restoration of Hubble Space Telescope imagery},
  author={Boden, AF and Redding, DC and Hanisch, RJ and Mo, J},
  journal={Journal of the Optical Society of America A},
  volume={13},
  number={7},
  pages={1537--1545},
  year={1996},
  publisher={Optical Society of America}
}
@article{4,
  title={Fast $l^0$-Regularized Kernel Estimation for Robust Motion Deblurring},
  author={Pan, Jinshan and Su, Zhixun},
  journal={IEEE Signal Processing Letters},
  volume={20},
  number={9},
  pages={841--844},
  year={2013},
  publisher={IEEE}
}
@inproceedings{5,
  title={Robust kernel estimation with outliers handling for image deblurring},
  author={Pan, Jinshan and Lin, Zhouchen and Su, Zhixun and Yang, Ming-Hsuan},
  booktitle={Proceedings of the IEEE Conference on Computer Vision and Pattern Recognition},
  pages={2800--2808},
  year={2016}
}
@article{6,
  title={Deblurring images via dark channel prior},
  author={Pan, Jinshan and Sun, Deqing and Pfister, Hanspeter and Yang, Ming-Hsuan},
  journal={IEEE transactions on pattern analysis and machine intelligence},
  volume={40},
  number={10},
  pages={2315--2328},
  year={2017},
  publisher={IEEE}
}
@inproceedings{7,
  title={Image deblurring via extreme channels prior},
  author={Yan, Yanyang and Ren, Wenqi and Guo, Yuanfang and Wang, Rui and Cao, Xiaochun},
  booktitle={Proceedings of the IEEE Conference on Computer Vision and Pattern Recognition},
  pages={4003--4011},
  year={2017}
}
@incollection{8,
  title={Removing camera shake from a single photograph},
  author={Fergus, Rob and Singh, Barun and Hertzmann, Aaron and Roweis, Sam T and Freeman, William T},
  booktitle={ACM SIGGRAPH 2006 Papers},
  pages={787--794},
  year={2006}
}
@article{9,
  title={High-quality motion deblurring from a single image},
  author={Shan, Qi and Jia, Jiaya and Agarwala, Aseem},
  journal={Acm transactions on graphics (tog)},
  volume={27},
  number={3},
  pages={1--10},
  year={2008},
  publisher={ACM New York, NY, USA}
}
@inproceedings{10,
  title={Learning a deep convolutional network for image super-resolution},
  author={Dong, Chao and Loy, Chen Change and He, Kaiming and Tang, Xiaoou},
  booktitle={European conference on computer vision},
  pages={184--199},
  year={2014},
  organization={Springer}
}
@article{11,
  title={Learning to deblur},
  author={Schuler, Christian J and Hirsch, Michael and Harmeling, Stefan and Sch{\"o}lkopf, Bernhard},
  journal={IEEE transactions on pattern analysis and machine intelligence},
  volume={38},
  number={7},
  pages={1439--1451},
  year={2015},
  publisher={IEEE}
}
@article{12,
  title={Single image non-uniform blur kernel estimation via adaptive basis decomposition.},
  author={Carbajal, Guillermo and Vitoria, Patricia and Delbracio, Mauricio and Mus{\'e}, Pablo and Lezama, Jos{\'e}},
  journal={Computing Research Repository (CoRR), arXiv: 2102.01026, pp. 1-11, feb 2021},
  year={2021},
  publisher={arXiv}
}
@inproceedings{13,
  title={Deep multi-scale convolutional neural network for dynamic scene deblurring},
  author={Nah, Seungjun and Hyun Kim, Tae and Mu Lee, Kyoung},
  booktitle={Proceedings of the IEEE conference on computer vision and pattern recognition},
  pages={3883--3891},
  year={2017}
}
@inproceedings{14,
  title={Scale-recurrent network for deep image deblurring},
  author={Tao, Xin and Gao, Hongyun and Shen, Xiaoyong and Wang, Jue and Jia, Jiaya},
  booktitle={Proceedings of the IEEE conference on computer vision and pattern recognition},
  pages={8174--8182},
  year={2018}
}
@inproceedings{15,
  title={Dynamic scene deblurring with parameter selective sharing and nested skip connections},
  author={Gao, Hongyun and Tao, Xin and Shen, Xiaoyong and Jia, Jiaya},
  booktitle={Proceedings of the IEEE/CVF Conference on Computer Vision and Pattern Recognition},
  pages={3848--3856},
  year={2019}
}
@inproceedings{16,
  title={Deblurgan: Blind motion deblurring using conditional adversarial networks},
  author={Kupyn, Orest and Budzan, Volodymyr and Mykhailych, Mykola and Mishkin, Dmytro and Matas, Ji{\v{r}}{\'\i}},
  booktitle={Proceedings of the IEEE conference on computer vision and pattern recognition},
  pages={8183--8192},
  year={2018}
}
@inproceedings{17,
  title={Deblurgan-v2: Deblurring (orders-of-magnitude) faster and better},
  author={Kupyn, Orest and Martyniuk, Tetiana and Wu, Junru and Wang, Zhangyang},
  booktitle={Proceedings of the IEEE/CVF International Conference on Computer Vision},
  pages={8878--8887},
  year={2019}
}
@article{18,
  title={Generative adversarial nets},
  author={Goodfellow, Ian and Pouget-Abadie, Jean and Mirza, Mehdi and Xu, Bing and Warde-Farley, David and Ozair, Sherjil and Courville, Aaron and Bengio, Yoshua},
  journal={Advances in neural information processing systems},
  volume={27},
  number={3},
  pages={2672--2680},
  year={2014}
}
@article{19,
  title={Improved training of wasserstein gans},
  author={Gulrajani, Ishaan and Ahmed, Faruk and Arjovsky, Martin and Dumoulin, Vincent and Courville, Aaron C},
  journal={Advances in neural information processing systems},
  volume={30},
  pages={5769--5779},
  year={2017}
}
@inproceedings{20,
  title={Least squares generative adversarial networks},
  author={Mao, Xudong and Li, Qing and Xie, Haoran and Lau, Raymond YK and Wang, Zhen and Paul Smolley, Stephen},
  booktitle={Proceedings of the IEEE international conference on computer vision},
  pages={2794--2802},
  year={2017}
}
@inproceedings{21,
  title={Deep stacked hierarchical multi-patch network for image deblurring},
  author={Zhang, Hongguang and Dai, Yuchao and Li, Hongdong and Koniusz, Piotr},
  booktitle={Proceedings of the IEEE/CVF Conference on Computer Vision and Pattern Recognition},
  pages={5978--5986},
  year={2019}
}
@inproceedings{22,
  title={Multi-stage progressive image restoration},
  author={Zamir, Syed Waqas and Arora, Aditya and Khan, Salman and Hayat, Munawar and Khan, Fahad Shahbaz and Yang, Ming-Hsuan and Shao, Ling},
  booktitle={Proceedings of the IEEE/CVF Conference on Computer Vision and Pattern Recognition},
  pages={14821--14831},
  year={2021}
}
@inproceedings{23,
  title={Convolutional LSTM network: A machine learning approach for precipitation nowcasting},
  author={Shi, Xingjian and Chen, Zhourong and Wang, Hao and Yeung, Dit-Yan and Wong, Wai-Kin and Woo, Wang-chun},
  booktitle={nnual Conference on Neural Information Processing Systems},
  pages={802â€“-810},
  year={2015}
}
@inproceedings{24,
  title={Feature pyramid networks for object detection},
  author={Lin, Tsung-Yi and Doll{\'a}r, Piotr and Girshick, Ross and He, Kaiming and Hariharan, Bharath and Belongie, Serge},
  booktitle={Proceedings of the IEEE conference on computer vision and pattern recognition},
  pages={2117--2125},
  year={2017}
}
@inproceedings{26,
  title={Inception-v4, inception-resnet and the impact of residual connections on learning},
  author={Szegedy, Christian and Ioffe, Sergey and Vanhoucke, Vincent and Alemi, Alexander A},
  booktitle={Thirty-first AAAI conference on artificial intelligence},
  pages={4278--4284},
  year={2017}
}
@inproceedings{27,
  title={Mobilenetv2: Inverted residuals and linear bottlenecks},
  author={Sandler, Mark and Howard, Andrew and Zhu, Menglong and Zhmoginov, Andrey and Chen, Liang-Chieh},
  booktitle={Proceedings of the IEEE conference on computer vision and pattern recognition},
  pages={4510--4520},
  year={2018}
}
@article{28,
  title={PP-YOLO: An effective and efficient implementation of object detector},
  author={Long, Xiang and Deng, Kaipeng and Wang, Guanzhong and Zhang, Yang and Dang, Qingqing and Gao, Yuan and Shen, Hui and Ren, Jianguo and Han, Shumin and Ding, Errui and others},
  journal={arXiv preprint arXiv:2007.12099},
  year={2020}
}
@inproceedings{29,
  title={Aggregated residual transformations for deep neural networks},
  author={Xie, Saining and Girshick, Ross and Doll{\'a}r, Piotr and Tu, Zhuowen and He, Kaiming},
  booktitle={Proceedings of the IEEE conference on computer vision and pattern recognition},
  pages={1492--1500},
  year={2017}
}
@inproceedings{30,
  title={Squeeze-and-excitation networks},
  author={Hu, Jie and Shen, Li and Sun, Gang},
  booktitle={Proceedings of the IEEE conference on computer vision and pattern recognition},
  pages={7132--7141},
  year={2018}
}
@inproceedings{31,
  title={Enhanced deep residual networks for single image super-resolution},
  author={Lim, Bee and Son, Sanghyun and Kim, Heewon and Nah, Seungjun and Mu Lee, Kyoung},
  booktitle={Proceedings of the IEEE conference on computer vision and pattern recognition workshops},
  pages={136--144},
  year={2017}
}
@inproceedings{32,
  title={Real-world blur dataset for learning and benchmarking deblurring algorithms},
  author={Rim, Jaesung and Lee, Haeyun and Won, Jucheol and Cho, Sunghyun},
  booktitle={European Conference on Computer Vision},
  pages={184--201},
  year={2020},
  organization={Springer}
}
@article{33,
  title={Adam: A method for stochastic optimization},
  author={Kingma, Diederik P and Ba, Jimmy},
  journal={arXiv preprint arXiv:1412.6980},
  year={2014}
}
@article{34,
  title={Sgdr: Stochastic gradient descent with warm restarts},
  author={Loshchilov, Ilya and Hutter, Frank},
  journal={arXiv preprint arXiv:1608.03983},
  year={2016}
}
@article{35,
  title={BANet: Blur-aware attention networks for dynamic scene deblurring},
  author={Tsai, Fu-Jen and Peng, Yan-Tsung and Lin, Yen-Yu and Tsai, Chung-Chi and Lin, Chia-Wen},
  journal={arXiv e-prints},
  pages={arXiv--2101},
  year={2021}
}
@article{36,
  title={You only learn one representation: Unified network for multiple tasks},
  author={Wang, Chien-Yao and Yeh, I-Hau and Liao, Hong-Yuan Mark},
  journal={arXiv preprint arXiv:2105.04206},
  year={2021}
}
% @inproceedings{37,
%   title={The HSIC bottleneck: Deep learning without back-propagation},
%   author={Ma, Wan-Duo Kurt and Lewis, JP and Kleijn, W Bastiaan},
%   booktitle={Proceedings of the AAAI Conference on Artificial Intelligence},
%   volume={34},
%   number={04},
%   pages={5085--5092},
%   year={2020}
% }
@article{37,
  title={The HSIC bottleneck: Deep learning without back-propagation},
  author={Ma, Wan-Duo Kurt and Lewis, JP and Kleijn, W Bastiaan},
  journal={Proceedings of the AAAI Conference on Artificial Intelligence},
  volume={34},
  number={04},
  pages={5085--5092},
  year={2020}
}
@article{38,
  title={Deep Residual Fourier Transformation for Single Image Deblurring},
  author={Mao, Xintian and Liu, Yiming and Shen, Wei and Li, Qingli and Wang, Yan},
  journal={arXiv preprint arXiv:2111.11745},
  year={2021}
}
@inproceedings{39,
  title={Rethinking coarse-to-fine approach in single image deblurring},
  author={Cho, Sung-Jin and Ji, Seo-Won and Hong, Jun-Pyo and Jung, Seung-Won and Ko, Sung-Jea},
  booktitle={Proceedings of the IEEE/CVF International Conference on Computer Vision},
  pages={4641--4650},
  year={2021}
}
@inproceedings{2018CBAM,
  title={CBAM: Convolutional Block Attention Module},
  author={Woo, Sanghyun  and  Park, Jongchan  and  Lee, Joon Young  and  Kweon, In So},
  booktitle={European Conference on Computer Vision},
  pages={3--19},
  year={2018},
  organization={Springer}
}
@article{xu2021attentive,
  title={Attentive deep network for blind motion deblurring on dynamic scenes},
  author={Xu, Yong and Zhu, Ye and Quan, Yuhui and Ji, Hui},
  journal={Computer Vision and Image Understanding},
  volume={205},
  pages={103169},
  year={2021},
  publisher={Elsevier}
}
@article{quan2021gaussian,
  title={Gaussian Kernel Mixture Network for Single Image Defocus Deblurring},
  author={Quan, Yuhui and Wu, Zicong and Ji, Hui},
  journal={Advances in Neural Information Processing Systems},
  volume={34},
  pages={20812--20824},
  year={2021}
}
@article{quan2021nonblind,
  title={Nonblind image deblurring via deep learning in complex field},
  author={Quan, Yuhui and Lin, Peikang and Xu, Yong and Nan, Yuesong and Ji, Hui},
  journal={IEEE Transactions on Neural Networks and Learning Systems},
  year={2021},
  pages={1-- 14},  
  publisher={IEEE}
}
@article{chen2022nonblind,
  title={Nonblind Image Deconvolution via Leveraging Model Uncertainty in An Untrained Deep Neural Network},
  author={Chen, Mingqin and Quan, Yuhui and Pang, Tongyao and Ji, Hui},
  journal={International Journal of Computer Vision},
  pages={1--20},
  year={2022},
  publisher={Springer}
}
% @article{quan2021nonblind,
%     author={Quan, Yuhui and Lin, Peikang and Xu, Yong and Nan, Yuesong and Ji, Hui},  
%     journal={IEEE Transactions on Neural Networks and Learning Systems},  
%     title={Nonblind Image Deblurring via Deep Learning in Complex Field},   
%     year={2021},  
%     volume={},  
%     number={},  
%     pages={1-14},  
%     % doi={10.1109/TNNLS.2021.3070596}
% }
@article{quan2015data,
  title={Data-driven multi-scale non-local wavelet frame construction and image recovery},
  author={Quan, Yuhui and Ji, Hui and Shen, Zuowei},
  journal={Journal of Scientific Computing},
  volume={63},
  number={2},
  pages={307--329},
  year={2015},
  publisher={Springer}
}

@article{chen2022self,
  title={Self-Supervised Blind Image Deconvolution via Deep Generative Ensemble Learning},
  author={Chen, Mingqin and Quan, Yuhui and Xu, Yong and Ji, Hui},
  journal={IEEE Transactions on Circuits and Systems for Video Technology},
  year={2022},
  publisher={IEEE}
}

@article{quan2022DNB,
  title={Learning Deep Non-Blind Image Deconvolution Without Ground Truths},
  author={Quan, Yuhui and Chen, Zhoujie and Huang, Zheng and Ji, Hui},
  journal={European Computer Vision Association},
  year={2022},
  publisher={IEEE}
}